<?xml version="1.0" encoding="UTF-8"?><collection xmlns="http://www.loc.gov/MARC21/slim"><record><leader>00523nam--2200181-u-4500</leader><controlfield tag="001">000052809</controlfield><controlfield tag="002">20161230</controlfield><controlfield tag="005">20161230201050</controlfield><controlfield tag="008">101105s1000------------r-----000-0-eng-d</controlfield><datafield ind1=" " ind2=" " tag="020"><subfield code="a">0123950503</subfield></datafield><datafield ind1=" " ind2=" " tag="040"><subfield code="a">IFIN-HH</subfield></datafield><datafield ind1=" " ind2=" " tag="080"><subfield code="a">535.8:537.228:621.375.826</subfield></datafield><datafield ind1="1" ind2=" " tag="100"><subfield code="a">Kaminow, Ivan P</subfield></datafield><datafield ind1="1" ind2="0" tag="245"><subfield code="a">An introduction to electooptic devices</subfield><subfield code="c">Ivan p. kaminow (selected reprints and introductory text by)</subfield></datafield><datafield ind1=" " ind2=" " tag="260"><subfield code="a">LONDON</subfield><subfield code="b">Academic Press</subfield><subfield code="c">1974</subfield></datafield><datafield ind1=" " ind2=" " tag="300"><subfield code="a">409 P</subfield></datafield><datafield ind1=" " ind2=" " tag="852"><subfield code="a">43075</subfield><subfield code="c">535</subfield></datafield><datafield ind1=" " ind2=" " tag="CAT"><subfield code="a">Sys</subfield><subfield code="c">20101105</subfield><subfield code="h">132813</subfield></datafield></record></collection>